
@book{BradhStory,	
	author    = {BradH Story},
	title     = {Tubetalker},
	publisher = {Dept. of Speech, Language, and Hearing},
	address   = {Tucson, AZ},
	year      = {2010}
}  

@book{IngoTitze,
	author    = {Ingo Titze},
	title     = {Principles of Voice Production},
	publisher = { Prentice Hall},
	address   = {New Jersey 07632},
	year      = {1994}
}



 @book{MTAGENTE,
 	author    = {Kelley C. Stewart Michael W. Plesniak David E. Sommer Sean D. Peterson Byron D. Erath, Matias Zanartu},
 	title     = {A review of lumped-element models of voiced speech},
 	publisher = {Speech Communication},
 	page	  =	{55:667–690}
 	year      = {2013}
 }

 
 @book{JFlanagan,
 	author="James L. Flanagan
 	Jont B. Allen
 	Mark A. Hasegawa-Johnson" ,
 	title="Speech Analysis Synthesis and Perception",
 	year="2008",
 	pages="19"}
 
 
 @book{HenryGray,
 	author    = {Henry Gray},
 	title     = {Anatomy of the Human Body},
 	publisher = {IEEE Tran. Audio Eletroacoust},
 	webpage   = {http://www.bartleby.com/107/236.html},
 	page	  =	{4,5}
 	year      = {1918}
 }
 
 @journal{Foundation1, 
 	author = "Jody Kreiman and Diana Van Lancker Sidtis", 
 	title = "Foundations of Voice Studies", 
 	year = "2011", 
 	publisher = "Wiley-Blackwell", 
 	address = "Malden", 
 	keywords = "Phonology, Sociolinguistics, Neurolinguistics", 
 	url = "get-book.cfm?BookID=58778" ,
 	pages = "91,92,95"
 }
 
  
@book{FlanaganLandgraf,
	author    = {Ferdinand de Saussure},
	title     = {Self-oscillating source for vocal-tract synthesis.},
	publisher = {IEEE Tran. Audio Eletroacoust},
	address   = {Audio Eletroacoust.},
	pages     = {1,16,18,21},
	year      = {1968}
}

@book{Lucero1,
	author 		= {J. Schoentgen Jorge C. Lucero and M. Behlau},
	title  		= {Physics-based synthesis of disordered voices. Interspeech},
	year   		= {2013},
	publisher 	= {Interspeech},
	pages 		= {1-5}
	
	}


@book{JeanFrancis,
		author 		= {Jean Schoentgen Samia Fraj and Francis Grenez	},
		title  		= { Development and perceptual assessment of a synthesizer of disordered voices },
		publisher 	= {Journal of Acoustical Society of America},
		pages 		= {2603–2615}, 
		year 		= {2012}
	
	}

@article{TakashiNose,
	title = "HMM-based expressive singing voice synthesis with singing style control and robust pitch modeling ",
	journal = "Computer Speech & Language ",
	volume = "34",
	number = "1",
	pages = "308 - 322",
	year = "2015",
	note = "",
	issn = "0885-2308",
	doi = "http://dx.doi.org/10.1016/j.csl.2015.04.001",
	url = "http://www.sciencedirect.com/science/article/pii/S0885230815000406",
	author = "Takashi Nose and Misa Kanemoto and Tomoki Koriyama and Takao Kobayashi",
	keywords = "HMM-based singing voice synthesis",
	keywords = "Singing style control",
	keywords = "Multiple-regression HSMM",
	keywords = "Pitch adaptive training",
	keywords = "Vibrato modeling "
}

@ARTICLE{FrameWork, 
	author={M. Umbert and J. Bonada and M. Goto and T. Nakano and J. Sundberg}, 
	journal={IEEE Signal Processing Magazine}, 
	title={Expression Control in Singing Voice Synthesis: Features, approaches, evaluation, and challenges}, 
	year={2015}, 
	volume={32}, 
	number={6}, 
	pages={55-73}, 
	keywords={signal classification;speech synthesis;voice equipment;expression control;instrument performance modeling;singing voice synthesis;speech processing;up-to-date classification;voice parameter;Audio systems;Rhythm;Speech processing;Timbre;Voice synthesis}, 
	doi={10.1109/MSP.2015.2424572}, 
	ISSN={1053-5888}, 
	month={Nov},}

@article{SaitouF0,
	title = "Development of an \{F0\} control model based on \{F0\} dynamic characteristics for singing-voice synthesis ",
	journal = "Speech Communication ",
	volume = "46",
	number = "3–4",
	pages = "405 - 417",
	year = "2005",
	note = "Quantitative Prosody Modelling for Natural Speech Description and GenerationInternational Conference on Speech Prosody ",
	issn = "0167-6393",
	doi = "http://dx.doi.org/10.1016/j.specom.2005.01.010",
	url = "http://www.sciencedirect.com/science/article/pii/S0167639305000993",
	author = "Takeshi Saitou and Masashi Unoki and Masato Akagi",
	keywords = "\{F0\} fluctuation",
	keywords = "Singing-voice perception",
	keywords = "F0 control model",
	keywords = "Singing-voice synthesis "
}



@article{LinRobos,
	title = "A face robot for autonomous simplified musical notation reading and singing ",
	journal = "Robotics and Autonomous Systems ",
	volume = "59",
	number = "11",
	pages = "943 - 953",
	year = "2011",
	note = "",
	issn = "0921-8890",
	doi = "http://dx.doi.org/10.1016/j.robot.2011.07.001",
	url = "http://www.sciencedirect.com/science/article/pii/S0921889011001229",
	author = "Chyi-Yeu Lin and Li-Chieh Cheng and Chang-Kuo Tseng and Hung-Yan Gu and Kuo-Liang Chung and Chin-Shyurng Fahn and Kai-Jay Lu and Chih-Cheng Chang",
	keywords = "Face robot",
	keywords = "Facial expression",
	keywords = "Musical note interpretation",
	keywords = "Voice synthesis "
}

@article{SaitouNada,
	title = "Development of an \{F0\} control model based on \{F0\} dynamic characteristics for singing-voice synthesis ",
	journal = "Speech Communication ",
	volume = "46",
	number = "3–4",
	pages = "405 - 417",
	year = "2005",
	note = "Quantitative Prosody Modelling for Natural Speech Description and GenerationInternational Conference on Speech Prosody ",
	issn = "0167-6393",
	doi = "http://dx.doi.org/10.1016/j.specom.2005.01.010",
	url = "http://www.sciencedirect.com/science/article/pii/S0167639305000993",
	author = "Takeshi Saitou and Masashi Unoki and Masato Akagi",
	keywords = "\{F0\} fluctuation",
	keywords = "Singing-voice perception",
	keywords = "F0 control model",
	keywords = "Singing-voice synthesis "
}

@article{DegottexNada,
	title = "Mixed source model and its adapted vocal tract filter estimate for voice transformation and synthesis ",
	journal = "Speech Communication ",
	volume = "55",
	number = "2",
	pages = "278 - 294",
	year = "2013",
	note = "",
	issn = "0167-6393",
	doi = "http://dx.doi.org/10.1016/j.specom.2012.08.010",
	url = "http://www.sciencedirect.com/science/article/pii/S0167639312001021",
	author = "Gilles Degottex and Pierre Lanchantin and Axel Roebel and Xavier Rodet",
	keywords = "Mixed source",
	keywords = "Glottal model",
	keywords = "Vocal tract filter",
	keywords = "Voice quality",
	keywords = "Voice transformation",
	keywords = "Speech synthesis "
}

@article{GudnasonNada,
	title = "Data-driven voice source waveform analysis and synthesis ",
	journal = "Speech Communication ",
	volume = "54",
	number = "2",
	pages = "199 - 211",
	year = "2012",
	note = "",
	issn = "0167-6393",
	doi = "http://dx.doi.org/10.1016/j.specom.2011.08.003",
	url = "http://www.sciencedirect.com/science/article/pii/S0167639311001191",
	author = "Jon Gudnason and Mark R.P. Thomas and Daniel P.W. Ellis and Patrick A. Naylor",
	keywords = "Voice source signal",
	keywords = "Inverse filtering",
	keywords = "Vocal tract modeling",
	keywords = "Principal component analysis",
	keywords = "Gaussian mixture model",
	keywords = "Segmental signal to reconstruction ratio "
}

@mpm1{Bell,
	address	= {London},
	author	= {Bell, John \& Charles},
	bib_data_set	= {Darwin Library},
	edition	= {6},
	note		= {[Down, pre-B, ED]},
	publisher	= {Longman, Rees, Orme, Brown and Green},
	title		= {The anatomy and physiology of the human body},
	volumes1	= {3},
	year		= {1826}
}

@article{Nose2015308,
	title = "HMM-based expressive singing voice synthesis with singing style control and robust pitch modeling ",
	journal = "Computer Speech & Language ",
	volume = "34",
	number = "1",
	pages = "308 - 322",
	year = "2015",
	note = "",
	issn = "0885-2308",
	doi = "http://dx.doi.org/10.1016/j.csl.2015.04.001",
	url = "http://www.sciencedirect.com/science/article/pii/S0885230815000406",
	author = "Takashi Nose and Misa Kanemoto and Tomoki Koriyama and Takao Kobayashi",
	keywords = "HMM-based singing voice synthesis",
	keywords = "Singing style control",
	keywords = "Multiple-regression HSMM",
	keywords = "Pitch adaptive training",
	keywords = "Vibrato modeling "
}




